<record><leader>00000cas a2200000 i 4500</leader><controlfield tag="001">10470020</controlfield><controlfield tag="008">840229d19701971wiuwr ne      0   a0eng c</controlfield><datafield ind1=" " ind2=" " tag="010"><subfield code="a">sn 84025858 </subfield></datafield><datafield ind1=" " ind2=" " tag="040"><subfield code="a">NPV</subfield><subfield code="b">eng</subfield><subfield code="e">rda</subfield><subfield code="c">NPV</subfield><subfield code="d">OCL</subfield><subfield code="d">OCLCQ</subfield><subfield code="d">OCLCF</subfield><subfield code="d">CUS</subfield><subfield code="d">IUL</subfield><subfield code="d">OCL</subfield></datafield><datafield ind1=" " ind2=" " tag="042"><subfield code="a">pcc</subfield></datafield><datafield ind1=" " ind2=" " tag="043"><subfield code="a">n-us-wi</subfield></datafield><datafield ind1=" " ind2=" " tag="045"><subfield code="a">x7x7</subfield></datafield><datafield ind1=" " ind2=" " tag="052"><subfield code="a">4123</subfield><subfield code="b">R2</subfield></datafield><datafield ind1="0" ind2="0" tag="245"><subfield code="a">Racine star news.</subfield></datafield><datafield ind1=" " ind2="1" tag="264"><subfield code="a">Milwaukee, Wis. :</subfield><subfield code="b">W.L. Jones,</subfield><subfield code="c">1970-1971.</subfield></datafield><datafield ind1=" " ind2=" " tag="300"><subfield code="a">1 volume :</subfield><subfield code="b">illustrations</subfield></datafield><datafield ind1=" " ind2=" " tag="310"><subfield code="a">Weekly</subfield></datafield><datafield ind1=" " ind2=" " tag="336"><subfield code="a">text</subfield><subfield code="b">txt</subfield><subfield code="2">rdacontent</subfield></datafield><datafield ind1=" " ind2=" " tag="337"><subfield code="a">unmediated</subfield><subfield code="b">n</subfield><subfield code="2">rdamedia</subfield></datafield><datafield ind1=" " ind2=" " tag="338"><subfield code="a">volume</subfield><subfield code="b">nc</subfield><subfield code="2">rdacarrier</subfield></datafield><datafield ind1="0" ind2=" " tag="362"><subfield code="a">October 31, 1970-June 12, 1971.</subfield></datafield><datafield ind1=" " ind2=" " tag="500"><subfield code="a">Publisher: W.L. Jones.</subfield></datafield><datafield ind1=" " ind2=" " tag="500"><subfield code="a">Editor: T. Courtney.</subfield></datafield><datafield ind1=" " ind2=" " tag="500"><subfield code="a">Title from masthead.</subfield></datafield><datafield ind1=" " ind2=" " tag="521"><subfield code="a">Black. Cf. The Greater Milwaukee star.</subfield></datafield><datafield ind1=" " ind2=" " tag="580"><subfield code="a">Supplement to The Greater Milwaukee star.</subfield></datafield><datafield ind1=" " ind2="0" tag="650"><subfield code="a">African Americans</subfield><subfield code="z">Wisconsin</subfield><subfield code="z">Milwaukee</subfield><subfield code="v">Newspapers.</subfield></datafield><datafield ind1=" " ind2="0" tag="651"><subfield code="a">Milwaukee (Wis.)</subfield><subfield code="v">Newspapers.</subfield></datafield><datafield ind1=" " ind2="0" tag="651"><subfield code="a">Milwaukee County (Wis.)</subfield><subfield code="v">Newspapers.</subfield></datafield><datafield ind1=" " ind2="7" tag="650"><subfield code="a">African Americans.</subfield><subfield code="2">fast</subfield><subfield code="0">(OCoLC)fst00799558</subfield></datafield><datafield ind1=" " ind2="7" tag="651"><subfield code="a">Wisconsin</subfield><subfield code="z">Milwaukee.</subfield><subfield code="2">fast</subfield><subfield code="0">(OCoLC)fst01206626</subfield></datafield><datafield ind1=" " ind2="7" tag="651"><subfield code="a">Wisconsin</subfield><subfield code="z">Milwaukee County.</subfield><subfield code="2">fast</subfield><subfield code="0">(OCoLC)fst01202910</subfield></datafield><datafield ind1=" " ind2="7" tag="655"><subfield code="a">Newspapers.</subfield><subfield code="2">fast</subfield><subfield code="0">(OCoLC)fst01423814</subfield></datafield><datafield ind1=" " ind2=" " tag="752"><subfield code="a">United States</subfield><subfield code="b">Wisconsin</subfield><subfield code="c">Milwaukee</subfield><subfield code="d">Milwaukee.</subfield></datafield><datafield ind1="0" ind2=" " tag="772"><subfield code="t">Greater Milwaukee star</subfield><subfield code="w">(DLC)sn 84025854</subfield><subfield code="w">(OCoLC)10470035</subfield></datafield><datafield ind1="0" ind2="8" tag="776"><subfield code="i">Online version:</subfield><subfield code="t">Racine star news</subfield><subfield code="w">(DLC)  2013254308</subfield><subfield code="w">(OCoLC)844235537</subfield></datafield><datafield ind1="0" ind2="0" tag="785"><subfield code="t">Racine star</subfield><subfield code="w">(DLC)sn 84025859</subfield><subfield code="w">(OCoLC)10470013</subfield></datafield><datafield ind1="4" ind2="1" tag="856"><subfield code="u">http://infoweb.newsbank.com/?db=EANX&amp;s_browseRef=decades/12A7AE31A7B3CA6B/all.xml</subfield></datafield></record>